<marc:collection xmlns:marc="http://www.loc.gov/MARC21/slim" xmlns:xsi="http://www.w3.org/2001/XMLSchema-instance" xsi:schemaLocation="http://www.loc.gov/MARC21/slim http://www.loc.gov/standards/marcxml/schema/MARC21slim.xsd">
    <marc:record type="Bibliographic">
        <marc:leader>02790cem a2200553Ia 4500</marc:leader>
        <marc:controlfield tag="001">6547238</marc:controlfield>
        <marc:controlfield tag="005">20110531093307.0</marc:controlfield>
        <marc:controlfield tag="007">aj canzn</marc:controlfield>
        <marc:controlfield tag="008">860129m18801903pe dg     b     0   spa d</marc:controlfield>
        <marc:datafield tag="035" ind1=" " ind2=" ">
            <marc:subfield code="a">(OCoLC)ocm13078294</marc:subfield>
        </marc:datafield>
        <marc:datafield tag="040" ind1=" " ind2=" ">
            <marc:subfield code="a">UIU</marc:subfield>
            <marc:subfield code="c">UIU</marc:subfield>
            <marc:subfield code="d">OCL</marc:subfield>
            <marc:subfield code="d">OCLCQ</marc:subfield>
            <marc:subfield code="d">OCLCG</marc:subfield>
            <marc:subfield code="d">NjP</marc:subfield>
        </marc:datafield>
        <marc:datafield tag="034" ind1="1" ind2=" ">
            <marc:subfield code="a">a</marc:subfield>
            <marc:subfield code="b">500000</marc:subfield>
        </marc:datafield>
        <marc:datafield tag="035" ind1=" " ind2=" ">
            <marc:subfield code="a">(OCoLC)13078294</marc:subfield>
        </marc:datafield>
        <marc:datafield tag="043" ind1=" " ind2=" ">
            <marc:subfield code="a">s-pe---</marc:subfield>
        </marc:datafield>
        <marc:datafield tag="050" ind1=" " ind2="4">
            <marc:subfield code="a">G5310 s500</marc:subfield>
            <marc:subfield code="b">.R3</marc:subfield>
        </marc:datafield>
        <marc:datafield tag="052" ind1=" " ind2=" ">
            <marc:subfield code="a">5310</marc:subfield>
        </marc:datafield>
        <marc:datafield tag="100" ind1="1" ind2=" ">
            <marc:subfield code="a">Raimondi, Antonio,</marc:subfield>
            <marc:subfield code="d">1826-1890.</marc:subfield>
        </marc:datafield>
        <marc:datafield tag="245" ind1="1" ind2="0">
            <marc:subfield code="a">Mapa del Peru</marc:subfield>
            <marc:subfield code="h">[map] /</marc:subfield>
            <marc:subfield code="c">A. Raimondi.</marc:subfield>
        </marc:datafield>
        <marc:datafield tag="255" ind1=" " ind2=" ">
            <marc:subfield code="a">Scale 1:500,000.</marc:subfield>
        </marc:datafield>
        <marc:datafield tag="260" ind1=" " ind2=" ">
            <marc:subfield code="a">Paris :</marc:subfield>
            <marc:subfield code="b">Grabado e imp. por Erhard Fres.,</marc:subfield>
            <marc:subfield code="c">[1880-1903]</marc:subfield>
        </marc:datafield>
        <marc:datafield tag="300" ind1=" " ind2=" ">
            <marc:subfield code="a">32 [i.e. 37] maps :</marc:subfield>
            <marc:subfield code="b">col., mounted on cloth ;</marc:subfield>
            <marc:subfield code="c">each 50 x 67 cm.</marc:subfield>
        </marc:datafield>
        <marc:datafield tag="500" ind1=" " ind2=" ">
            <marc:subfield code="a">Prime meridians: Greenwich and Paris.</marc:subfield>
        </marc:datafield>
        <marc:datafield tag="500" ind1=" " ind2=" ">
            <marc:subfield code="a">Relief shown by hachures and spot heights.</marc:subfield>
        </marc:datafield>
        <marc:datafield tag="500" ind1=" " ind2=" ">
            <marc:subfield code="a">Publication completed by Sociedad Geográfica de Lima.</marc:subfield>
        </marc:datafield>
        <marc:datafield tag="500" ind1=" " ind2=" ">
            <marc:subfield code="a">Historic Maps copy incomplete: sheets 1-13 only.</marc:subfield>
            <marc:subfield code="5">NjP</marc:subfield>
        </marc:datafield>
        <marc:datafield tag="500" ind1=" " ind2=" ">
            <marc:subfield code="a">Historic Maps copy has ms. corrections on sheet 11.</marc:subfield>
            <marc:subfield code="5">NjP</marc:subfield>
        </marc:datafield>
        <marc:datafield tag="561" ind1=" " ind2=" ">
            <marc:subfield code="a">Historic Maps copy has stamps of General Staff Map Collection; War Department, A.G.O., Military Information Division, Map Section; G &amp; M Division, Library of Congress; and Map Room, Guy W. Bailey Library, University of Vermont.</marc:subfield>
            <marc:subfield code="5">NjP</marc:subfield>
        </marc:datafield>
        <marc:datafield tag="651" ind1=" " ind2="0">
            <marc:subfield code="a">Peru</marc:subfield>
            <marc:subfield code="v">Maps.</marc:subfield>
        </marc:datafield>
        <marc:datafield tag="655" ind1=" " ind2="7">
            <marc:subfield code="a">Maps</marc:subfield>
            <marc:subfield code="z">Peru</marc:subfield>
            <marc:subfield code="y">1880.</marc:subfield>
            <marc:subfield code="2">aat</marc:subfield>
        </marc:datafield>
        <marc:datafield tag="710" ind1="2" ind2=" ">
            <marc:subfield code="a">Erhard Bros. (Firm)</marc:subfield>
        </marc:datafield>
        <marc:datafield tag="710" ind1="2" ind2=" ">
            <marc:subfield code="a">Great Britain.</marc:subfield>
            <marc:subfield code="b">War Office.</marc:subfield>
            <marc:subfield code="b">General Staff,</marc:subfield>
            <marc:subfield code="e">former owner.</marc:subfield>
            <marc:subfield code="5">NjP</marc:subfield>
        </marc:datafield>
        <marc:datafield tag="710" ind1="2" ind2=" ">
            <marc:subfield code="a">United States.</marc:subfield>
            <marc:subfield code="b">War Dept.</marc:subfield>
            <marc:subfield code="b">Military Intelligence Division.</marc:subfield>
            <marc:subfield code="b">Map Section,</marc:subfield>
            <marc:subfield code="e">former owner.</marc:subfield>
            <marc:subfield code="5">NjP</marc:subfield>
        </marc:datafield>
        <marc:datafield tag="710" ind1="2" ind2=" ">
            <marc:subfield code="a">Library of Congress.</marc:subfield>
            <marc:subfield code="b">Map Division,</marc:subfield>
            <marc:subfield code="e">former owner.</marc:subfield>
            <marc:subfield code="5">NjP</marc:subfield>
        </marc:datafield>
        <marc:datafield tag="710" ind1="2" ind2=" ">
            <marc:subfield code="a">University of Vermont.</marc:subfield>
            <marc:subfield code="b">Library,</marc:subfield>
            <marc:subfield code="e">former owner.</marc:subfield>
            <marc:subfield code="5">NjP</marc:subfield>
        </marc:datafield>
        <marc:datafield tag="856" ind1="4" ind2="1">
            <marc:subfield code="z">See the map (sheet 1)</marc:subfield>
            <marc:subfield code="u">http://gisserver.princeton.edu/map/26220</marc:subfield>
        </marc:datafield>
        <marc:datafield tag="856" ind1="4" ind2="1">
            <marc:subfield code="z">See the map (sheet 2)</marc:subfield>
            <marc:subfield code="u">http://gisserver.princeton.edu/map/26221</marc:subfield>
        </marc:datafield>
        <marc:datafield tag="856" ind1="4" ind2="1">
            <marc:subfield code="z">See the map (sheet 3)</marc:subfield>
            <marc:subfield code="u">http://gisserver.princeton.edu/map/26222</marc:subfield>
        </marc:datafield>
        <marc:datafield tag="856" ind1="4" ind2="1">
            <marc:subfield code="z">See the map (sheet 4)</marc:subfield>
            <marc:subfield code="u">http://gisserver.princeton.edu/map/26223</marc:subfield>
        </marc:datafield>
        <marc:datafield tag="856" ind1="4" ind2="1">
            <marc:subfield code="z">See the map (sheet 5)</marc:subfield>
            <marc:subfield code="u">http://gisserver.princeton.edu/map/26224</marc:subfield>
        </marc:datafield>
        <marc:datafield tag="856" ind1="4" ind2="1">
            <marc:subfield code="z">See the map (sheet 6)</marc:subfield>
            <marc:subfield code="u">http://gisserver.princeton.edu/map/26225</marc:subfield>
        </marc:datafield>
        <marc:datafield tag="856" ind1="4" ind2="1">
            <marc:subfield code="z">See the map (sheet 7)</marc:subfield>
            <marc:subfield code="u">http://gisserver.princeton.edu/map/26226</marc:subfield>
        </marc:datafield>
        <marc:datafield tag="856" ind1="4" ind2="1">
            <marc:subfield code="z">See the map (sheet 8)</marc:subfield>
            <marc:subfield code="u">http://gisserver.princeton.edu/map/26227</marc:subfield>
        </marc:datafield>
        <marc:datafield tag="856" ind1="4" ind2="1">
            <marc:subfield code="z">See the map (sheet 9)</marc:subfield>
            <marc:subfield code="u">http://gisserver.princeton.edu/map/26228</marc:subfield>
        </marc:datafield>
        <marc:datafield tag="856" ind1="4" ind2="1">
            <marc:subfield code="z">See the map (sheet 10)</marc:subfield>
            <marc:subfield code="u">http://gisserver.princeton.edu/map/26229</marc:subfield>
        </marc:datafield>
        <marc:datafield tag="856" ind1="4" ind2="1">
            <marc:subfield code="z">See the map (sheet 11)</marc:subfield>
            <marc:subfield code="u">http://gisserver.princeton.edu/map/26230</marc:subfield>
        </marc:datafield>
        <marc:datafield tag="856" ind1="4" ind2="1">
            <marc:subfield code="z">See the map (sheet 12)</marc:subfield>
            <marc:subfield code="u">http://gisserver.princeton.edu/map/26231</marc:subfield>
        </marc:datafield>
        <marc:datafield tag="856" ind1="4" ind2="1">
            <marc:subfield code="z">See the map (sheet 13)</marc:subfield>
            <marc:subfield code="u">http://gisserver.princeton.edu/map/26232</marc:subfield>
        </marc:datafield>
        <marc:datafield tag="904" ind1=" " ind2=" ">
            <marc:subfield code="a">gls</marc:subfield>
            <marc:subfield code="b">g</marc:subfield>
            <marc:subfield code="h">m</marc:subfield>
            <marc:subfield code="c">p</marc:subfield>
            <marc:subfield code="e">20110503</marc:subfield>
        </marc:datafield>
        <marc:datafield tag="902" ind1=" " ind2=" ">
            <marc:subfield code="a">gls</marc:subfield>
            <marc:subfield code="b">m</marc:subfield>
            <marc:subfield code="6">e</marc:subfield>
            <marc:subfield code="7">m</marc:subfield>
            <marc:subfield code="d">v</marc:subfield>
            <marc:subfield code="f">1</marc:subfield>
            <marc:subfield code="e">20110503</marc:subfield>
        </marc:datafield>
    </marc:record>
    <marc:record type="Holdings">
        <marc:leader>00172nx  a22000851  4500</marc:leader>
        <marc:controlfield tag="001">6512889</marc:controlfield>
        <marc:controlfield tag="004">6547238</marc:controlfield>
        <marc:controlfield tag="005">20110503111849.0</marc:controlfield>
        <marc:controlfield tag="008">1105034u    8   1001uu   0901128</marc:controlfield>
        <marc:datafield tag="852" ind1="0" ind2=" ">
            <marc:subfield code="b">map</marc:subfield>
            <marc:subfield code="h">HMC01.6132</marc:subfield>
        </marc:datafield>
    </marc:record>
    <marc:record type="Holdings">
        <marc:leader>00172nx  a22000851  4500</marc:leader>
        <marc:controlfield tag="001">6512977</marc:controlfield>
        <marc:controlfield tag="004">6547238</marc:controlfield>
        <marc:controlfield tag="005">20110503113913.0</marc:controlfield>
        <marc:controlfield tag="008">1105034u    8   1001uu   0901128</marc:controlfield>
        <marc:datafield tag="852" ind1="0" ind2=" ">
            <marc:subfield code="b">map</marc:subfield>
            <marc:subfield code="h">HMC01.6133</marc:subfield>
        </marc:datafield>
    </marc:record>
    <marc:record type="Holdings">
        <marc:leader>00172nx  a22000851  4500</marc:leader>
        <marc:controlfield tag="001">6512981</marc:controlfield>
        <marc:controlfield tag="004">6547238</marc:controlfield>
        <marc:controlfield tag="005">20110503114106.0</marc:controlfield>
        <marc:controlfield tag="008">1105034u    8   1001uu   0901128</marc:controlfield>
        <marc:datafield tag="852" ind1="0" ind2=" ">
            <marc:subfield code="b">map</marc:subfield>
            <marc:subfield code="h">HMC01.6134</marc:subfield>
        </marc:datafield>
    </marc:record>
    <marc:record type="Holdings">
        <marc:leader>00172nx  a22000851  4500</marc:leader>
        <marc:controlfield tag="001">6512982</marc:controlfield>
        <marc:controlfield tag="004">6547238</marc:controlfield>
        <marc:controlfield tag="005">20110503114242.0</marc:controlfield>
        <marc:controlfield tag="008">1105034u    8   1001uu   0901128</marc:controlfield>
        <marc:datafield tag="852" ind1="0" ind2=" ">
            <marc:subfield code="b">map</marc:subfield>
            <marc:subfield code="h">HMC01.6135</marc:subfield>
        </marc:datafield>
    </marc:record>
    <marc:record type="Holdings">
        <marc:leader>00172nx  a22000851  4500</marc:leader>
        <marc:controlfield tag="001">6512983</marc:controlfield>
        <marc:controlfield tag="004">6547238</marc:controlfield>
        <marc:controlfield tag="005">20110503114430.0</marc:controlfield>
        <marc:controlfield tag="008">1105034u    8   1001uu   0901128</marc:controlfield>
        <marc:datafield tag="852" ind1="0" ind2=" ">
            <marc:subfield code="b">map</marc:subfield>
            <marc:subfield code="h">HMC01.6136</marc:subfield>
        </marc:datafield>
    </marc:record>
    <marc:record type="Holdings">
        <marc:leader>00172nx  a22000851  4500</marc:leader>
        <marc:controlfield tag="001">6513015</marc:controlfield>
        <marc:controlfield tag="004">6547238</marc:controlfield>
        <marc:controlfield tag="005">20110503121202.0</marc:controlfield>
        <marc:controlfield tag="008">1105034u    8   1001uu   0901128</marc:controlfield>
        <marc:datafield tag="852" ind1="0" ind2=" ">
            <marc:subfield code="b">map</marc:subfield>
            <marc:subfield code="h">HMC01.6138</marc:subfield>
        </marc:datafield>
    </marc:record>
    <marc:record type="Holdings">
        <marc:leader>00172nx  a22000851  4500</marc:leader>
        <marc:controlfield tag="001">6513020</marc:controlfield>
        <marc:controlfield tag="004">6547238</marc:controlfield>
        <marc:controlfield tag="005">20110503121355.0</marc:controlfield>
        <marc:controlfield tag="008">1105034u    8   1001uu   0901128</marc:controlfield>
        <marc:datafield tag="852" ind1="0" ind2=" ">
            <marc:subfield code="b">map</marc:subfield>
            <marc:subfield code="h">HMC01.6137</marc:subfield>
        </marc:datafield>
    </marc:record>
    <marc:record type="Holdings">
        <marc:leader>00172nx  a22000851  4500</marc:leader>
        <marc:controlfield tag="001">6513023</marc:controlfield>
        <marc:controlfield tag="004">6547238</marc:controlfield>
        <marc:controlfield tag="005">20110503121548.0</marc:controlfield>
        <marc:controlfield tag="008">1105034u    8   1001uu   0901128</marc:controlfield>
        <marc:datafield tag="852" ind1="0" ind2=" ">
            <marc:subfield code="b">map</marc:subfield>
            <marc:subfield code="h">HMC01.6139</marc:subfield>
        </marc:datafield>
    </marc:record>
    <marc:record type="Holdings">
        <marc:leader>00172nx  a22000851  4500</marc:leader>
        <marc:controlfield tag="001">6513029</marc:controlfield>
        <marc:controlfield tag="004">6547238</marc:controlfield>
        <marc:controlfield tag="005">20110503122244.0</marc:controlfield>
        <marc:controlfield tag="008">1105034u    8   1001uu   0901128</marc:controlfield>
        <marc:datafield tag="852" ind1="0" ind2=" ">
            <marc:subfield code="b">map</marc:subfield>
            <marc:subfield code="h">HMC01.6140</marc:subfield>
        </marc:datafield>
    </marc:record>
    <marc:record type="Holdings">
        <marc:leader>00172nx  a22000851  4500</marc:leader>
        <marc:controlfield tag="001">6513033</marc:controlfield>
        <marc:controlfield tag="004">6547238</marc:controlfield>
        <marc:controlfield tag="005">20110503122642.0</marc:controlfield>
        <marc:controlfield tag="008">1105034u    8   1001uu   0901128</marc:controlfield>
        <marc:datafield tag="852" ind1="0" ind2=" ">
            <marc:subfield code="b">map</marc:subfield>
            <marc:subfield code="h">HMC01.6141</marc:subfield>
        </marc:datafield>
    </marc:record>
    <marc:record type="Holdings">
        <marc:leader>00172nx  a22000851  4500</marc:leader>
        <marc:controlfield tag="001">6513036</marc:controlfield>
        <marc:controlfield tag="004">6547238</marc:controlfield>
        <marc:controlfield tag="005">20110503122824.0</marc:controlfield>
        <marc:controlfield tag="008">1105034u    8   1001uu   0901128</marc:controlfield>
        <marc:datafield tag="852" ind1="0" ind2=" ">
            <marc:subfield code="b">map</marc:subfield>
            <marc:subfield code="h">HMC01.6142</marc:subfield>
        </marc:datafield>
    </marc:record>
    <marc:record type="Holdings">
        <marc:leader>00172cx  a22000851  4500</marc:leader>
        <marc:controlfield tag="001">6513038</marc:controlfield>
        <marc:controlfield tag="004">6547238</marc:controlfield>
        <marc:controlfield tag="005">20110503123057.0</marc:controlfield>
        <marc:controlfield tag="008">1105034u    8   1001uu   0901128</marc:controlfield>
        <marc:datafield tag="852" ind1="0" ind2=" ">
            <marc:subfield code="b">map</marc:subfield>
            <marc:subfield code="h">HMC01.6143</marc:subfield>
        </marc:datafield>
    </marc:record>
    <marc:record type="Holdings">
        <marc:leader>00172nx  a22000851  4500</marc:leader>
        <marc:controlfield tag="001">6513040</marc:controlfield>
        <marc:controlfield tag="004">6547238</marc:controlfield>
        <marc:controlfield tag="005">20110503123206.0</marc:controlfield>
        <marc:controlfield tag="008">1105034u    8   1001uu   0901128</marc:controlfield>
        <marc:datafield tag="852" ind1="0" ind2=" ">
            <marc:subfield code="b">map</marc:subfield>
            <marc:subfield code="h">HMC01.6144</marc:subfield>
        </marc:datafield>
    </marc:record>
    <marc:record type="Holdings">
        <marc:leader>00182nx  a22000854  4500</marc:leader>
        <marc:controlfield tag="001">7321529</marc:controlfield>
        <marc:controlfield tag="004">6547238</marc:controlfield>
        <marc:controlfield tag="005">20130514084031.0</marc:controlfield>
        <marc:controlfield tag="008">1305144u    8   1001uu   0901128</marc:controlfield>
        <marc:datafield tag="852" ind1="8" ind2=" ">
            <marc:subfield code="b">elf1</marc:subfield>
            <marc:subfield code="h">Electronic Resource</marc:subfield>
        </marc:datafield>
    </marc:record>
</marc:collection>
